%% This BibTeX bibliography file was created using BibDesk.
%% http://bibdesk.sourceforge.net/


%% Created for Michael Schneider at 2009-04-02 10:03:12 +0200 


%% Saved with string encoding Unicode (UTF-8) 


@string{acm = {ACM}}

@string{acns = {ACNS}}

@string{advcrypto = {Advances in Cryptology}}

@string{ants = {ANTS}}

@string{ADVCRYPTO = {}}

@string{africacrypt = ADVCRYPTO # {Africacrypt}}

@string{asiacrypt = ADVCRYPTO # {Asiacrypt}}

@string{cacm = {Communications of the ACM}}

@string{calc = {Cryptography and Lattices (CaLC)}}

@string{ccs = {CCS}}

@string{cdc:institution = {Technische Universit{\"a}t Darmstadt, Fachbereich Informatik}}

@string{cnc = {International Conference on Cryptography and Coding}}

@string{crc = {CRC Press}}

@string{crypto = ADVCRYPTO # {Crypto}}

@string{ctrsa = {CT-RSA}}

@string{eprint = {Cryptology ePrint Archive}}

@string{eprinturl = {\texttt{eprint.iacr.org}}}

@string{eurocrypt = ADVCRYPTO # {Eurocrypt}}

@string{EUROCAL = {European Computer Algebra Conference}}

@string{financial = {Financial Cryptography (FC)}}

@string{focs = {FOCS}}

@string{fse = {FSE}}

@string{iacr = {IACR}}

@string{icalp = {ICALP}}

@string{ieee = {IEEE Computer Society Press}}

@string{indocrypt = {Progress in Cryptology --- Indocrypt}}

@string {ISSAC = {ISSAC}}
		 
@string{jcss = {Journal of Computer and System Science}}

@string{joc = {Journal of Cryptology}}

@string{jw = {John Wiley \& Sons}}

@string{kap = {Kluwer Academic Publishers}}

@string{lncs = {LNCS}}

@string{lnm = {Lecture Notes in Mathematics}}

@string{ndss = {NDSS}}

@string{pkc = {Public-Key Cryptography (PKC)}}

@string{pqcrypto = {PQCrypto}}

@string{siam = {Society for Industrial and Applied Mathematics}}

@string{sicomp = {SIAM Journal on Computing}}

@string{soda = {SODA}}

@string{springer = {Springer}}

@string{stoc = {STOC}}

@string{tcc = {TCC}}

@string{tcs = {Theoretical Computer Science}}

@string{tud = {Technische Universit{\"a}t Darmstadt}}




% Naming scheme: use the last name of the author and the year of the publication
% use _all_ authors (up to 4), after that, ad "etAl" as fourth autor

% ----------- String definitions -----------------------------
@String{ACM           = {{ACM} Press}}
@String{ACr           = {Asiacrypt}}
@String{Asiacrypt     = {Advances in Cryptology --- {ASIACRYPT}~}}
@String{Cambridge     = {Cambridge University Press}}
@String{Crypto        = {Advances in Cryptology --- {CRYPTO}~}}
@String{Cr            = {Crypto}}
@String{DisAppMath    = {Discrete Applied Mathematics}}
@String{ECr           = {Eurocrypt}}
@String{Elsevier      = {Elsevier Science Publisher}}
@String{ePrint        = {Cryptology ePrint Archive, Report }}
@String{ECCOMAS       = {European Congress on Computational Methods in
                         Applied Sciences and Engineering~}}
@String{Eurocrypt     = {Advances in Cryptology --- {EUROCRYPT}~}}
@String{FSE           = {Fast Software Encryption --- {FSE}~}}
@String{ICISC         = {International Conference on Information
                        Security and Cryptology~}}
@String{IEEE_InfoTheo = {IEEE Transactions on Information Theory}}
@String{IEEE_SecPriv  = {IEEE Symposium on Security and Privacy~}}
@String{IEICE         = {The Institute of Electronics, Information
                         and Communication Engineers}}
@String{INRIA         = {Institut National de Recherche en Informatique
                         et en Automatique}}
@String{ISC           = {ISC}}
@String{ISSAC         = {International Symposium on Symbolic
                         and Algebraic Computation --- {ISSAC}~}}
@String{Indocrypt     = {Progress in Cryptology --- {INDOCRYPT}~}}
@String{JCrypto       = {Journal of Cryptology}}
@String{LNCS          = {Lecture Notes in Computer Science}}
@String{NIST          = {{National Institute of Standards and Technology}}}
@String{PKC           = {PKC}}
@String{PubKeyCrypt   = {Public Key Cryptography --- {PKC}~}}
@String{PureAppAlg    = {Journal of Pure and Applied Algebra}}
@String{RSA           = {RSA}}
@String{RSA-CT        = {The Cryptographer's Track at RSA Conference~}}
@String{SCIS          = {Symposium on Cryptography and Information
                         Security --- {SCIS}~}}
@String{SCN           = {Conference on Security in Communication
                         Networks --- {SCN}~}}
@String{Springer      = {Springer}}
@String{STOC          = {Annual ACM Symposium on Theory of
                        Computing --- {STOC}~}}
@String{Vieweg        = {Vieweg}}
@String{WCC           = {Workshop on Coding and Cryptography~}}


% ---------- Alternative names for articles ------------------

% ----------- Books ------------------------------------------

@misc{NIST,
Howpublished={\url{http://www.nist.gov/index.html}},
Title={National {I}nstitute of {S}tandards and {T}echnology}
}
@misc{cpp,
Howpublished={\url{http://www.keylength.com/}},
Title={Blue{K}rypt, Cryptographic Key Length Recommendation}
}
@misc{LatticeChg,
Howpublished={\url{ http://www.latticechallenge.org/svp-challenge/}},
Title={ {SVP} Challenge}
}




@book{Nguyen:Vallee:10,
   AUTHOR    = {Phong Q. Nguyen Brigitte Vall\Acute{e}e},
   TITLE     = {The {LLL} Algorithm: Surven and Applications},
   PUBLISHER = {Springer},
   Series    = {Graduate Studies in Mathematics},
   Volume    = 1,
   YEAR      = 2010
}

@Book{Micciancio:Goldwasser:02,
  author =	 {Daniele Micciancio and Shafi Goldwasser},
  title = 	 {Complexity of Lattice Problems: a cryptographic perspective},
  publisher = 	 {Kluwer Academic Publishers},
  series =       {The Kluwer International Series in Engineering and 
                  Computer Science},  
  year = 	 2002,
  volume =	 671,
  address =	 {Boston, Massachusetts},
  month =	 mar
}

% ----------- Articles ---------------------------------------

@INPROCEEDINGS{Howgrave:01,
    author = {Nick Howgrave-graham},
    title = {Approximate integer common divisors},
    booktitle = {CaLC 2001, LNCS},
    year = {2001},
    pages = {51--66},
    publisher = {Springer-Verlag}
}

@Article{Micciancio:Regev:07,
  author	= {Micciancio, Daniele and Regev, Oded},
  title		= {Worst-case to average-case reductions based on
		  {Gaussian} measure},
  journal	= {SIAM Journal on Computing},
  volume        = {37},
  number        = {1},
  pages         = {267--302},
  year		= 2007,
  doi           = {10.1137/S0097539705447360},
  note		= {Preliminary version in FOCS 2004},
}

@InProceedings{Micciancio:Regev:04,
  Author         = {Micciancio, Daniele and Regev, Oded},
  Title          = {Worst-case to Average-case Reductions based on
                   {Gaussian} Measure},
  pages          = {371--381},
  Address        = {Rome, Italy},
  Publisher      = {IEEE},
  month          = oct,
  booktitle      = {Proceedings of the 45rd annual symposium on
                   foundations of computer science - {FOCS} 2004},
  note           = {Journal verion in SIAM Journal on Computing},
  year           = 2004,
}

@Article{Lenstra:83,
author = {Lenstra, H.W.jun.},
title = {Integer programming with a fixed number of variables},
journal = {Math. Oper. Res.},
year = 1983,
volume = 8,
pages = {538-548}
}

@Article{LLL1982,
	author = {Lenstra, A.K. and Lenstra, H.W.jun. and L{\'a}szlo Lov{\'a}sz},
	title = {Factoring polynomials with rational coefficients},
	journal = {Math. Ann.},
	year = 1982,
	volume = 261,
	pages = {515--534}
}

@ARTICLE{Hermite:50,
   AUTHOR  = {C. Hermite},
   TITLE   = {Extraits de lettres de M. Ch. Hermite a M. Jacobi sur differents objects de l\'a th\'eorie des nombres.},
   YEAR    = {1850},
   JOURNAL = {Journal fur die reine und angewandte Mathematik},
   VOLUME  = {1850},
   ISSUE   = {40},
   PAGES   = {261-278}
}

@inproceedings{Marten:Craig:Shai:Vinod:10,
  author    = {Marten van Dijk and
               Craig Gentry and
               Shai Halevi and
               Vinod Vaikuntanathan},
  title     = {Fully Homomorphic Encryption over the Integers},
  booktitle = {EUROCRYPT},
  year      = {2010},
  pages     = {24-43},
  ee        = {http://dx.doi.org/10.1007/978-3-642-13190-5_2},
  crossref  = {DBLP:conf/eurocrypt/2010},
  bibsource = {DBLP, http://dblp.uni-trier.de}
}
@proceedings{DBLP:conf/eurocrypt/2010,
  editor    = {Henri Gilbert},
  title     = {Advances in Cryptology - EUROCRYPT 2010, 29th Annual International
               Conference on the Theory and Applications of Cryptographic
               Techniques, French Riviera, May 30 - June 3, 2010. Proceedings},
  booktitle = {EUROCRYPT},
  publisher = {Springer},
  series    = {Lecture Notes in Computer Science},
  volume    = {6110},
  year      = {2010},
  isbn      = {978-3-642-13189-9},
  ee        = {http://dx.doi.org/10.1007/978-3-642-13190-5},
  bibsource = {DBLP, http://dblp.uni-trier.de}
}

@inproceedings{Ajtai:97,
 author = {Ajtai, Mikl\'{o}s and Dwork, Cynthia},
 title = {A public-key cryptosystem with worst-case/average-case equivalence},
 booktitle = {Proceedings of the twenty-ninth annual ACM symposium on Theory of computing},
 series = {STOC '97},
 year = {1997},
 isbn = {0-89791-888-6},
 location = {El Paso, Texas, United States},
 pages = {284--293},
 numpages = {10},
 url = {http://doi.acm.org/10.1145/258533.258604},
 doi = {http://doi.acm.org/10.1145/258533.258604},
 acmid = {258604},
 publisher = {ACM},
 address = {New York, NY, USA},
} 

@article{Aharonov:Regev:05,
  author    = {Dorit Aharonov and
               Oded Regev},
  title     = {Lattice problems in {NP} intersect co{NP}},
  journal   = {J. ACM},
  volume    = {52},
  number    = {5},
  year      = {2005},
  pages     = {749-765},
  ee        = {http://doi.acm.org/10.1145/1089023.1089025},
  bibsource = {DBLP, http://dblp.uni-trier.de}
}

@article{Schnorr:06,
  author    = {Claus-Peter Schnorr},
  title     = {Fast {LLL}-type lattice reduction},
  journal   = {Inf. Comput.},
  volume    = {204},
  number    = {1},
  year      = {2006},
  pages     = {1-25},
  ee        = {http://dx.doi.org/10.1016/j.ic.2005.04.004},
  bibsource = {DBLP, http://dblp.uni-trier.de}
}

@misc{GGH:96,
  title={Collision-Free Hashing from Lattice Problems},
  booktitle={Eprint},
  keywords={Complexity, Collision-Free Hashing, Lattice Reduction.},
  url={http://eprint.iacr.org/1996/009},
  note={Appeared in the THEORY OF CRYPTOGRAPHY LIBRARY and has been included in the ePrint Archive. oded@theory.lcs.mit.edu 10500 received July 26th, 1996.},
  authors={Oded Goldreich and Shafi Goldwasser and Shai Halevi},
  year=1996
}

@inproceedings{Schnorr:Euchner:91,
 author = {Schnorr, Claus-Peter and Euchner, M.},
 title = {Lattice Basis Reduction: Improved Practical Algorithms and Solving Subset Sum Problems},
 booktitle = {Proceedings of the 8th International Symposium on Fundamentals of Computation Theory},
 series = {FCT '91},
 year = {1991},
 isbn = {3-540-54458-5},
 pages = {68--85},
 numpages = {18},
 url = {http://portal.acm.org/citation.cfm?id=647895.740436},
 acmid = {740436},
 publisher = {Springer-Verlag},
 address = {London, UK},
} 

@inproceedings{Peikert:Vaikuntanathan:Waters:08,
  title={A Framework for Efficient and Composable Oblivious Transfer},
  booktitle={CRYPTO},
  volume={5157},
  pages={554--571},
  authors={Chris Peikert and Vinod Vaikuntanathan and Brent Waters},
  year=2008
}

@inproceedings{Kawachi:Akinori:Tanaka:07,
 author = {Kawachi, Akinori and Tanaka, Keisuke and Xagawa, Keita},
 title = {Multi-bit cryptosystems based on lattice problems},
 booktitle = {Proceedings of the 10th international conference on Practice and theory in public-key cryptography},
 series = {PKC'07},
 year = {2007},
 isbn = {978-3-540-71676-1},
 location = {Beijing, China},
 pages = {315--329},
 numpages = {15},
 url = {http://portal.acm.org/citation.cfm?id=1760564.1760592},
 acmid = {1760592},
 publisher = {Springer-Verlag},
 address = {Berlin, Heidelberg},
} 

@inproceedings{Ajtai:96,
 author = {Ajtai, M.},
 title = {Generating hard instances of lattice problems (extended abstract)},
 booktitle = {Proceedings of the twenty-eighth annual ACM symposium on Theory of computing},
 series = {STOC '96},
 year = {1996},
 isbn = {0-89791-785-5},
 location = {Philadelphia, Pennsylvania, United States},
 pages = {99--108},
 numpages = {10},
 url = {http://doi.acm.org/10.1145/237814.237838},
 doi = {http://doi.acm.org/10.1145/237814.237838},
 acmid = {237838},
 publisher = {ACM},
 address = {New York, NY, USA},
} 

@inproceedings{Regev:10,
  author    = {Oded Regev},
  title     = {The Learning with Errors Problem (Invited Survey)},
  booktitle = {IEEE Conference on Computational Complexity},
  year      = {2010},
  pages     = {191-204},
  ee        = {http://doi.ieeecomputersociety.org/10.1109/CCC.2010.26},
  crossref  = {DBLP:conf/coco/2010},
  bibsource = {DBLP, http://dblp.uni-trier.de}
}

@article{Regev:09,
 author = {Regev, Oded},
 title = {On lattices, learning with errors, random linear codes, and cryptography},
 journal = {J. ACM},
 volume = {56},
 number = {6},
 year = {2009},
 issn = {0004-5411},
 pages = {1--40},
 doi = {http://doi.acm.org/10.1145/1568318.1568324},
 publisher = {ACM},
 address = {New York, NY, USA},
 }
@inproceedings{Regev:05,
  author    = {Oded Regev},
  title     = {On lattices, learning with errors, random linear codes,
               and cryptography},
  booktitle = {STOC},
  year      = {2005},
  pages     = {84-93},
  ee        = {http://doi.acm.org/10.1145/1060590.1060603},
  crossref  = {DBLP:conf/stoc/2005},
  bibsource = {DBLP, http://dblp.uni-trier.de}
}

@article{Lee:Hahn:10,
  author    = {Moon Sung Lee and
               Sang Geun Hahn},
  title     = {Cryptanalysis of the {GGH} Cryptosystem},
  journal   = {Mathematics in Computer Science},
  volume    = {3},
  number    = {2},
  year      = {2010},
  pages     = {201-208},
  ee        = {http://springerlink.metapress.com/content/u8567t17g20254v7/},
  bibsource = {DBLP, http://dblp.uni-trier.de}
}

@article{Nguyen:Vidick:08, 
title={Sieve Algorithms for the Shortest Vector Problem are Practical}, 
author={P. Q. Nguyen and T. Vidick}, 
journal={J. of Mathematical Cryptology}, 
volume=2, 
number=2, 
year=2008 
}

@article{Schnorr:Euchner:94,
  author    = {Claus-Peter Schnorr and
               M. Euchner},
  title     = {Lattice basis reduction: Improved practical algorithms and
               solving subset sum problems},
  journal   = {Math. Program.},
  volume    = {66},
  year      = {1994},
  pages     = {181-199},
  bibsource = {DBLP, http://dblp.uni-trier.de}
}
% ----------- Inproceeding -----------------------------------

@inproceedings{Lyubashevsky:Micciancio:Peikert:Rosen:08,
  author    = {Vadim Lyubashevsky and
               Daniele Micciancio and
               Chris Peikert and
               Alon Rosen},
  title     = {SWIFFT: A Modest Proposal for FFT Hashing},
  booktitle = {FSE},
  year      = {2008},
  pages     = {54-72},
  ee        = {http://dx.doi.org/10.1007/978-3-540-71039-4_4},
  crossref  = {DBLP:conf/fse/2008},
  bibsource = {DBLP, http://dblp.uni-trier.de}
}

@inproceedings{Goldreich:Goldwasser:Halevi:97,
  title={Public-Key Cryptosystems from Lattice Reduction Problems.},
  booktitle={CRYPTO},
  pages={112-131},
  authors={Oded Goldreich and Shafi Goldwasser and Shai Halevi},
  year=1997
}
@inproceedings{Nguyen:99,
  title={Cryptanalysis of the Goldreich-Goldwasser-Halevi Cryptosystem from Crypto '97.},
  booktitle={CRYPTO},
  pages={288-304},
  authors={Phong Q. Nguyen},
  year=1999
}

@inproceedings{Hoffstein:Pipher:Silverman:98,
  author    = {Jeffrey Hoffstein and
               Jill Pipher and
               Joseph H. Silverman},
  title     = {NTRU: A Ring-Based Public Key Cryptosystem},
  booktitle = {ANTS},
  year      = {1998},
  pages     = {267-288},
  ee        = {http://link.springer.de/link/service/series/0558/bibs/1423/14230267.htm},
  crossref  = {DBLP:conf/ants/1998},
  bibsource = {DBLP, http://dblp.uni-trier.de}
}

@inproceedings{Coppersmith:Shamir:97,
  author    = {Don Coppersmith and
               Adi Shamir},
  title     = {Lattice Attacks on NTRU},
  booktitle = {EUROCRYPT},
  year      = {1997},
  pages     = {52-61},
  ee        = {http://link.springer.de/link/service/series/0558/bibs/1233/12330052.htm},
  bibsource = {DBLP, http://dblp.uni-trier.de}
}

@inproceedings{Liu:Lyubashevsky:Micciancio:06,
  author    = {Yi-Kai Liu and
               Vadim Lyubashevsky and
               Daniele Micciancio},
  title     = {On Bounded Distance Decoding for General Lattices},
  booktitle = {APPROX-RANDOM},
  year      = {2006},
  pages     = {450-461},
  ee        = {http://dx.doi.org/10.1007/11830924_41},
  crossref  = {ApproxRandom06},
  bibsource = {DBLP, http://dblp.uni-trier.de}
}
@inproceedings{Lyubashevsky:Micciancio:09,
  author    = {Vadim Lyubashevsky and
               Daniele Micciancio},
  title     = {On Bounded Distance Decoding, Unique Shortest Vectors, and
               the Minimum Distance Problem},
  booktitle = Cr,
  year      = {2009},
  pages     = {577-594},
  ee        = {http://dx.doi.org/10.1007/978-3-642-03356-8_34},
  crossref  = {Crypto:09},
  bibsource = {DBLP, http://dblp.uni-trier.de}
}
@inproceedings{Fincke:Pohst:83,
  author    = {U. Fincke and
               Michael Pohst},
  title     = {A procedure for determining algebraic integers of given
               norm},
  booktitle = {EUROCAL},
  year      = {1983},
  pages     = {194-202},
  crossref  = {EuroCal:83},
  bibsource = {DBLP, http://dblp.uni-trier.de}
}



@inproceedings{Kannan:83,
  author    = {Ravi Kannan},
  title     = {Improved Algorithms for Integer Programming and Related
               Lattice Problems},
  booktitle = {STOC},
  year      = {1983},
  pages     = {193-206},
  crossref  = {STOC:83},
  bibsource = {DBLP, http://dblp.uni-trier.de}
}
@inproceedings{Buchmann:Linder:Ruckert:08,
  author    = {Johannes Buchmann and
               Richard Lindner and
               Markus R{\"u}ckert},
  title     = {Explicit Hard Instances of the Shortest Vector Problem},
  booktitle = {PQCrypto},
  year      = {2008},
  pages     = {79-94},
  ee        = {http://dx.doi.org/10.1007/978-3-540-88403-3_6},
  crossref  = {PQCrypto:08},
  bibsource = {DBLP, http://dblp.uni-trier.de}
} 
@inproceedings{Stehle:Steinfeld:Tanaka:Xagawa:09,
  author    = {Damien Stehl{\'e} and
               Ron Steinfeld and
               Keisuke Tanaka and
               Keita Xagawa},
  title     = {Efficient Public Key Encryption Based on Ideal Lattices},
  booktitle = {ASIACRYPT},
  year      = {2009},
  pages     = {617-635},
  ee        = {http://dx.doi.org/10.1007/978-3-642-10366-7_36},
  crossref  = {AsiaCrypt:09},
  bibsource = {DBLP, http://dblp.uni-trier.de}
}

@inproceedings{Lyubashevsky:Peikert:Regev:10,
  author    = {Vadim Lyubashevsky and
               Chris Peikert and
               Oded Regev},
  title     = {On Ideal Lattices and Learning with Errors over Rings},
  booktitle = {EUROCRYPT},
  year      = {2010},
  pages     = {1-23},
  ee        = {http://dx.doi.org/10.1007/978-3-642-13190-5_1},
  crossref  = {EuroCrypt:10},
  bibsource = {DBLP, http://dblp.uni-trier.de}
}

@inproceedings{Peikert:10,
  author    = {Chris Peikert},
  title     = {An Efficient and Parallel {G}aussian Sampler for Lattices},
  booktitle = Cr,
  year      = {2010},
  pages     = {80-97},
  ee        = {http://dx.doi.org/10.1007/978-3-642-14623-7_5},
  crossref  = {Crypto:10},
  bibsource = {DBLP, http://dblp.uni-trier.de}
}


@inproceedings{Gama:Nguyen:Regev:10,
  author    = {Nicolas Gama and
               Phong Q. Nguyen and
               Oded Regev},
  title     = {Lattice Enumeration Using Extreme Pruning},
  booktitle = {EUROCRYPT},
  year      = {2010},
  pages     = {257-278},
  ee        = {http://dx.doi.org/10.1007/978-3-642-13190-5_13},
  crossref  = {EuroCrypt:10},
  bibsource = {DBLP, http://dblp.uni-trier.de}
}



@inproceedings{Gama:Nguyen:08a,
  author    = {Nicolas Gama and
               Phong Q. Nguyen},
  title     = {Predicting Lattice Reduction},
  booktitle = ECr,
  year      = {2008},
  pages     = {31-51},
  ee        = {http://dx.doi.org/10.1007/978-3-540-78967-3_3},
  crossref  = {EuroCrypt:08},
  bibsource = {DBLP, http://dblp.uni-trier.de}
}
@inproceedings{Dean:Ghemawat:04,
  author    = {Jeffrey Dean and
               Sanjay Ghemawat},
  title     = {{M}ap{R}educe: Simplified Data Processing on Large Clusters},
  booktitle = {OSDI},
  year      = {2004},
  pages     = {137-150},
  ee        = {http://www.usenix.org/events/osdi04/tech/dean.html},
  bibsource = {DBLP, http://dblp.uni-trier.de}
}
@inproceedings{Hermans:Schneider:Buchmann:Vercauteren:Preneel:10,
  author    = {Jens Hermans and
               Michael Schneider and
               Johannes Buchmann and
               Frederik Vercauteren and
               Bart Preneel},
  title     = {Parallel Shortest Lattice Vector Enumeration on Graphics
               Cards},
  booktitle = {AFRICACRYPT},
  year      = {2010},
  pages     = {52-68},
  ee        = {http://dx.doi.org/10.1007/978-3-642-12678-9_4},
  crossref  = {AfricaCrypt:10},
  bibsource = {DBLP, http://dblp.uni-trier.de}
}
@inproceedings{Akhavi:Stehle:08,
  author    = {Ali Akhavi and
               Damien Stehl{\'e}},
  title     = {Speeding-Up Lattice Reduction with Random Projections (Extended
               Abstract)},
  booktitle = {LATIN},
  year      = {2008},
  pages     = {293-305},
  ee        = {http://dx.doi.org/10.1007/978-3-540-78773-0_26},
  crossref  = {Latin:08},
  bibsource = {DBLP, http://dblp.uni-trier.de}
}
@inproceedings{Gama:Nguyen:08b,
  author    = {Nicolas Gama and
               Phong Q. Nguyen},
  title     = {Finding short lattice vectors within mordell's inequality},
  booktitle = {STOC},
  year      = {2008},
  pages     = {207-216},
  ee        = {http://doi.acm.org/10.1145/1374376.1374408},
  crossref  = {STOC:08},
  bibsource = {DBLP, http://dblp.uni-trier.de}
}
@inproceedings{Buchmann:Ludwig:06,
  author    = {Johannes Buchmann and
               Christoph Ludwig},
  title     = {Practical Lattice Basis Sampling Reduction},
  booktitle = {ANTS},
  year      = {2006},
  pages     = {222-237},
  ee        = {http://dx.doi.org/10.1007/11792086_17},
  crossref  = {ANTS:06},
  bibsource = {DBLP, http://dblp.uni-trier.de}
}
@inproceedings{Backes:Wetzel:09,
  author    = {Werner Backes and
               Susanne Wetzel},
  title     = {Parallel Lattice Basis Reduction Using a Multi-threaded
               {S}chnorr-{E}uchner {LLL} Algorithm},
  booktitle = {Euro-Par},
  year      = {2009},
  pages     = {960-973},
  ee        = {http://dx.doi.org/10.1007/978-3-642-03869-3_88},
  crossref  = {EuroPar:09},
  bibsource = {DBLP, http://dblp.uni-trier.de}
}
@inproceedings{Backes:Wetzel:00a,
  author    = {Werner Backes and
               Susanne Wetzel},
  title     = {Lattice Basis Reduction with Dynamic Approximation},
  booktitle = {Algorithm Engineering},
  year      = {2000},
  pages     = {63-73},
  ee        = {http://link.springer.de/link/service/series/0558/bibs/1982/19820063.htm},
  crossref  = {AE:00},
  bibsource = {DBLP, http://dblp.uni-trier.de}
}
@inproceedings{Ajtai:Kumar:Sivakumar:01,
  author    = {Mikl{\'o}s Ajtai and
               Ravi Kumar and
               D. Sivakumar},
  title     = {A sieve algorithm for the shortest lattice vector problem},
  booktitle = STOC,
  year      = {2001},
  pages     = {601-610},
  ee        = {http://doi.acm.org/10.1145/380752.380857},
  bibsource = {DBLP, http://dblp.uni-trier.de},
  isbn = {1-58113-349-9},
  location = {Hersonissos, Greece},
  publisher = {ACM},
  address = {New York, NY, USA},
}
@inproceedings{Gentry:09,
  author    = {Craig Gentry},
  title     = {Fully homomorphic encryption using ideal lattices},
  booktitle = STOC,
  year      = {2009},
  pages     = {169-178},
  ee        = {http://doi.acm.org/10.1145/1536414.1536440},
  crossref  = {STOC:09},
  bibsource = {DBLP, http://dblp.uni-trier.de}
}
@inproceedings{Ajtai:1998,
 author = {Ajtai, Mikl\'{o}s},
 title = {The shortest vector problem in $L_2$ is {NP}-hard for randomized reductions (extended abstract)},
 booktitle = {Proceedings of the thirtieth annual ACM symposium on Theory of computing},
 series = {STOC '98},
 year = {1998},
 isbn = {0-89791-962-9},
 location = {Dallas, Texas, United States},
 pages = {10--19},
 numpages = {10},
 url = {http://doi.acm.org/10.1145/276698.276705},
 doi = {http://doi.acm.org/10.1145/276698.276705},
 acmid = {276705},
 publisher = {ACM},
 address = {New York, NY, USA},
} 



@inproceedings{Lu:09,
  author    = {Chi-Jen Lu},
  title     = {On the Security Loss in Cryptographic Reductions},
  booktitle = ECr,
  year      = {2009},
  pages     = {72-87},
  ee        = {http://dx.doi.org/10.1007/978-3-642-01001-9_4},
  crossref  = {EuroCrypt:09},
  bibsource = {DBLP, http://dblp.uni-trier.de}
}
@inproceedings{Pujol:Stehle:08,
  author    = {Xavier Pujol and
               Damien Stehl{\'e}},
  title     = {Rigorous and Efficient Short Lattice Vectors Enumeration},
  booktitle = ACr,
  year      = {2008},
  pages     = {390-405},
  ee        = {http://dx.doi.org/10.1007/978-3-540-89255-7_24},
  crossref  = {ASIACRYPT:08},
  bibsource = {DBLP, http://dblp.uni-trier.de}
}
@inproceedings{Roch:Villard:92,
  author    = {Jean-Louis Roch and
               Gilles Villard},
  title     = {Parallel gcd and Lattice Basis Reduction},
  booktitle = {CONPAR},
  year      = {1992},
  pages     = {557-564},
  ee        = {http://dx.doi.org/10.1007/3-540-55895-0_455},
  crossref  = {CONPAR:92},
  bibsource = {DBLP, http://dblp.uni-trier.de}
}
 
@inproceedings{Backes:Wetzel:00b,
  author    = {Werner Backes and
               Susanne Wetzel},
  title     = {New Results on Lattice Basis Reduction in Practice},
  booktitle = {ANTS},
  year      = {2000},
  pages     = {135-152},
  crossref  = {ANTS:00},
  bibsource = {DBLP, http://dblp.uni-trier.de}
}
@inproceedings{Dagdelen:Schneider:10,
  author    = {{\"O}zg{\"u}r Dagdelen and
               Michael Schneider},
  title     = {Parallel Enumeration of Shortest Lattice Vectors},
  booktitle = {Euro-Par (2)},
  year      = {2010},
  pages     = {211-222},
  ee        = {http://dx.doi.org/10.1007/978-3-642-15291-7_21},
  crossref  = {EuroPar:10},
  bibsource = {DBLP, http://dblp.uni-trier.de}
}


 
% ----------- Proceeding -------------------------------------
@proceedings{EuroCal:83,
  editor    = {J. A. van Hulzen},
  title     = {Computer Algebra, EUROCAL '83, European Computer Algebra
               Conference, London, England, March 28-30, 1983, Proceedings},
  booktitle = {EUROCAL},
  publisher = {Springer},
  series    = {Lecture Notes in Computer Science},
  volume    = {162},
  year      = {1983},
  isbn      = {3-540-12868-9},
  bibsource = {DBLP, http://dblp.uni-trier.de}
}

@proceedings{ApproxRandom06,
  editor    = {Josep D\'{\i}az and
               Klaus Jansen and
               Jos{\'e} D. P. Rolim and
               Uri Zwick},
  title     = {Approximation, Randomization, and Combinatorial Optimization.
               Algorithms and Techniques, 9th International Workshop on
               Approximation Algorithms for Combinatorial Optimization
               Problems, APPROX 2006 and 10th International Workshop on
               Randomization and Computation, RANDOM 2006, Barcelona, Spain,
               August 28-30 2006, Proceedings},
  booktitle = {APPROX-RANDOM},
  publisher = {Springer},
  series    = {Lecture Notes in Computer Science},
  volume    = {4110},
  year      = {2006},
  isbn      = {3-540-38044-2},
  bibsource = {DBLP, http://dblp.uni-trier.de}
}

@proceedings{EucoCal:83,
  editor    = {J. A. van Hulzen},
  title     = {Computer Algebra, EUROCAL '83, European Computer Algebra
               Conference, London, England, March 28-30, 1983, Proceedings},
  booktitle = {EUROCAL},
  publisher = {Springer},
  series    = {Lecture Notes in Computer Science},
  volume    = {162},
  year      = {1983},
  isbn      = {3-540-12868-9},
  bibsource = {DBLP, http://dblp.uni-trier.de}
}

@proceedings{PQCrypto:08,
  editor    = {Johannes Buchmann and
               Jintai Ding},
  title     = {Post-Quantum Cryptography, Second International Workshop,
               PQCrypto 2008, Cincinnati, OH, USA, October 17-19, 2008,
               Proceedings},
  booktitle = {PQCrypto},
  publisher = {Springer},
  series    = {Lecture Notes in Computer Science},
  volume    = {5299},
  year      = {2008},
  isbn      = {978-3-540-88402-6},
  bibsource = {DBLP, http://dblp.uni-trier.de}
}
@proceedings{ASIACRYPT:08,
  editor    = {Josef Pieprzyk},
  title     = {Advances in Cryptology - ASIACRYPT 2008, 14th International
               Conference on the Theory and Application of Cryptology and
               Information Security, Melbourne, Australia, December 7-11,
               2008. Proceedings},
  booktitle = {ASIACRYPT},
  publisher = {Springer},
  series    = {Lecture Notes in Computer Science},
  volume    = {5350},
  year      = {2008},
  isbn      = {978-3-540-89254-0},
  bibsource = {DBLP, http://dblp.uni-trier.de}
}
@proceedings{AsiaCrypt:09,
  editor    = {Mitsuru Matsui},
  title     = {Advances in Cryptology - ASIACRYPT 2009, 15th International
               Conference on the Theory and Application of Cryptology and
               Information Security, Tokyo, Japan, December 6-10, 2009.
               Proceedings},
  booktitle = {ASIACRYPT},
  publisher = {Springer},
  series    = {Lecture Notes in Computer Science},
  volume    = {5912},
  year      = {2009},
  isbn      = {978-3-642-10365-0},
  ee        = {http://dx.doi.org/10.1007/978-3-642-10366-7},
  bibsource = {DBLP, http://dblp.uni-trier.de}
}
@proceedings{Crypto:09,
  editor    = {Shai Halevi},
  title     = {Advances in Cryptology - CRYPTO 2009, 29th Annual International
               Cryptology Conference, Santa Barbara, CA, USA, August 16-20,
               2009. Proceedings},
  booktitle = {CRYPTO},
  publisher = {Springer},
  series    = {Lecture Notes in Computer Science},
  volume    = {5677},
  year      = {2009},
  isbn      = {978-3-642-03355-1},
  ee        = {http://dx.doi.org/10.1007/978-3-642-03356-8},
  bibsource = {DBLP, http://dblp.uni-trier.de}
}
@proceedings{Crypto:10,
  editor    = {Tal Rabin},
  title     = {Advances in Cryptology - CRYPTO 2010, 30th Annual Cryptology
               Conference, Santa Barbara, CA, USA, August 15-19, 2010.
               Proceedings},
  booktitle = {CRYPTO},
  publisher = {Springer},
  series    = {Lecture Notes in Computer Science},
  volume    = {6223},
  year      = {2010},
  isbn      = {978-3-642-14622-0},
  ee        = {http://dx.doi.org/10.1007/978-3-642-14623-7},
  bibsource = {DBLP, http://dblp.uni-trier.de}
}

@proceedings{EuroCrypt:08,
  editor    = {Nigel P. Smart},
  title     = {Advances in Cryptology - EUROCRYPT 2008, 27th Annual International
               Conference on the Theory and Applications of Cryptographic
               Techniques, Istanbul, Turkey, April 13-17, 2008. Proceedings},
  booktitle = {EUROCRYPT},
  publisher = {Springer},
  series    = {Lecture Notes in Computer Science},
  volume    = {4965},
  year      = {2008},
  isbn      = {978-3-540-78966-6},
  bibsource = {DBLP, http://dblp.uni-trier.de}
}
@proceedings{EuroCrypt:09,
  editor    = {Antoine Joux},
  title     = {Advances in Cryptology - EUROCRYPT 2009, 28th Annual International
               Conference on the Theory and Applications of Cryptographic
               Techniques, Cologne, Germany, April 26-30, 2009. Proceedings},
  booktitle = {EUROCRYPT},
  publisher = {Springer},
  series    = {Lecture Notes in Computer Science},
  volume    = {5479},
  year      = {2009},
  isbn      = {978-3-642-01000-2},
  ee        = {http://dx.doi.org/10.1007/978-3-642-01001-9},
  bibsource = {DBLP, http://dblp.uni-trier.de}
}
@proceedings{EuroCrypt:10,
  editor    = {Henri Gilbert},
  title     = {Advances in Cryptology - EUROCRYPT 2010, 29th Annual International
               Conference on the Theory and Applications of Cryptographic
               Techniques, French Riviera, May 30 - June 3, 2010. Proceedings},
  booktitle = {EUROCRYPT},
  publisher = {Springer},
  series    = {Lecture Notes in Computer Science},
  volume    = {6110},
  year      = {2010},
  isbn      = {978-3-642-13189-9},
  ee        = {http://dx.doi.org/10.1007/978-3-642-13190-5},
  bibsource = {DBLP, http://dblp.uni-trier.de}
}
@proceedings{AfricaCrypt:10,
  editor    = {Daniel J. Bernstein and
               Tanja Lange},
  title     = {Progress in Cryptology - AFRICACRYPT 2010, Third International
               Conference on Cryptology in Africa, Stellenbosch, South
               Africa, May 3-6, 2010. Proceedings},
  booktitle = {AFRICACRYPT},
  publisher = {Springer},
  series    = {Lecture Notes in Computer Science},
  volume    = {6055},
  year      = {2010},
  isbn      = {978-3-642-12677-2},
  ee        = {http://dx.doi.org/10.1007/978-3-642-12678-9},
  bibsource = {DBLP, http://dblp.uni-trier.de}
}
@proceedings{Latin:08,
  editor    = {Eduardo Sany Laber and
               Claudson F. Bornstein and
               Loana Tito Nogueira and
               Luerbio Faria},
  title     = {LATIN 2008: Theoretical Informatics, 8th Latin American
               Symposium, B{\'u}zios, Brazil, April 7-11, 2008, Proceedings},
  publisher = {Springer},
  series    = {Lecture Notes in Computer Science},
  volume    = {4957},
  year      = {2008},
  isbn      = {978-3-540-78772-3},
  bibsource = {DBLP, http://dblp.uni-trier.de}
}
@proceedings{STOC:83,
  title     = {Proceedings of the Fifteenth Annual ACM Symposium on Theory
               of Computing, 25-27 April 1983, Boston, Massachusetts, USA},
  booktitle = {STOC},
  publisher = {ACM},
  year      = {1983},
  bibsource = {DBLP, http://dblp.uni-trier.de}
}
@proceedings{STOC:08,
  editor    = {Cynthia Dwork},
  title     = {Proceedings of the 40th Annual ACM Symposium on Theory of
               Computing, Victoria, British Columbia, Canada, May 17-20,
               2008},
  booktitle = {STOC},
  publisher = {ACM},
  year      = {2008},
  isbn      = {978-1-60558-047-0},
  bibsource = {DBLP, http://dblp.uni-trier.de}
}
@proceedings{STOC:09,
  editor    = {Michael Mitzenmacher},
  title     = {Proceedings of the 41st Annual ACM Symposium on Theory of
               Computing, STOC 2009, Bethesda, MD, USA, May 31 - June 2,
               2009},
  booktitle = {STOC},
  publisher = {ACM},
  year      = {2009},
  isbn      = {978-1-60558-506-2},
  bibsource = {DBLP, http://dblp.uni-trier.de}
}

@proceedings{ANTS:06,
  editor    = {Florian Hess and
               Sebastian Pauli and
               Michael E. Pohst},
  title     = {Algorithmic Number Theory, 7th International Symposium,
               ANTS-VII, Berlin, Germany, July 23-28, 2006, Proceedings},
  booktitle = {ANTS},
  publisher = {Springer},
  series    = {Lecture Notes in Computer Science},
  volume    = {4076},
  year      = {2006},
  isbn      = {3-540-36075-1},
  bibsource = {DBLP, http://dblp.uni-trier.de}
}

@proceedings{EuroPar:09,
  editor    = {Henk J. Sips and
               Dick H. J. Epema and
               Hai-Xiang Lin},
  title     = {Euro-Par 2009 Parallel Processing, 15th International Euro-Par
               Conference, Delft, The Netherlands, August 25-28, 2009.
               Proceedings},
  booktitle = {Euro-Par},
  publisher = {Springer},
  series    = {Lecture Notes in Computer Science},
  volume    = {5704},
  year      = {2009},
  isbn      = {978-3-642-03868-6},
  ee        = {http://dx.doi.org/10.1007/978-3-642-03869-3},
  bibsource = {DBLP, http://dblp.uni-trier.de}
}
@proceedings{AE:00,
  editor    = {Stefan N{\"a}her and
               Dorothea Wagner},
  title     = {Algorithm Engineering, 4th International Workshop, WAE 2000,
               Saarbr{\"u}cken, Germany, September 5-8, 2000, Proceedings},
  publisher = {Springer},
  series    = {Lecture Notes in Computer Science},
  volume    = {1982},
  year      = {2001},
  isbn      = {3-540-42512-8},
  bibsource = {DBLP, http://dblp.uni-trier.de}
}



@proceedings{CONPAR:92,
  editor    = {Luc Boug{\'e} and
               Michel Cosnard and
               Yves Robert and
               Denis Trystram},
  title     = {Parallel Processing: CONPAR 92 - VAPP V, Second Joint International
               Conference on Vector and Parallel Processing, Lyon, France,
               September 1-4, 1992, Proceedings},
  booktitle = {CONPAR},
  publisher = {Springer},
  series    = {Lecture Notes in Computer Science},
  volume    = {634},
  year      = {1992},
  isbn      = {3-540-55895-0},
  bibsource = {DBLP, http://dblp.uni-trier.de}
}

@proceedings{ANTS:00,
  editor    = {Wieb Bosma},
  title     = {Algorithmic Number Theory, 4th International Symposium,
               ANTS-IV, Leiden, The Netherlands, July 2-7, 2000, Proceedings},
  booktitle = {ANTS},
  publisher = {Springer},
  series    = {Lecture Notes in Computer Science},
  volume    = {1838},
  year      = {2000},
  isbn      = {3-540-67695-3},
  bibsource = {DBLP, http://dblp.uni-trier.de}
}


@proceedings{EuroPar:10,
  editor    = {Pasqua D'Ambra and
               Mario Rosario Guarracino and
               Domenico Talia},
  title     = {Euro-Par 2010 - Parallel Processing, 16th International
               Euro-Par Conference, Ischia, Italy, August 31 - September
               3, 2010, Proceedings, Part II},
  booktitle = {Euro-Par (2)},
  publisher = {Springer},
  series    = {Lecture Notes in Computer Science},
  volume    = {6272},
  year      = {2010},
  isbn      = {978-3-642-15290-0},
  ee        = {http://dx.doi.org/10.1007/978-3-642-15291-7},
  bibsource = {DBLP, http://dblp.uni-trier.de}
}


% ----------- Misc -------------------------------------------
@misc{cryptoeprint:2009:605,
    author = {Xavier Pujol and Damien Stehle},
    title = {Solving the Shortest Lattice Vector Problem in Time $2^{2.465n}$},
    howpublished = {Cryptology ePrint Archive, Report 2009/605},
    year = {2009},
    note = {http://eprint.iacr.org/},
}
 

% ----------- Techreport -------------------------------------
@TECHREPORT{Darte:04,
    author = {Alain Darte and Ieee Computer Society and Robert Schreiber and Gilles Villard},
    title = {Lattice-Based Memory Allocation},
    institution = {},
    year = {2004}
}

@techreport{Nguyen:Stehle:04,
    HAL_ID = {inria-00070616},
    URL = {http://hal.inria.fr/inria-00070616/en/},
    title = { {F}loating-{P}oint {LLL} {R}evisited},
    author = {{N}guyen, {P}hong {Q}. and {S}tehl{\'e}, {D}amien},
    abstract = {{E}verybody knows the {L}enstra-{L}enstra-{L}ov{\'a}sz lattice basis reduction algorithm ({LLL}), which has proved invaluable in public-key cryptanalysis and in many other fields. {G}iven an integer $d$-dimensional lattice basis which vectors have norms smaller than ${B}$, {LLL} outputs a so-called {LLL}-reduced basis in time ${O}(d^6 \log^3 {B})$, using arithmetic operations on integers of bit-length ${O}(d \log{B})$. {T}his worst-case complexity is problematic for lattices arising in cryptanalysis where $d$ or/and $\log{B}$ are often large. {A}s a result, the original {LLL} is almost never used in practice. {I}nstead, one applies floating-point variants of {LLL}, where the long-integer arithmetic required by {G}ram-{S}chmidt orthogonalisation (central in {LLL}) is replaced by floating-point arithmetic. {U}nfortunately, this is known to be unstable in the worst-case: the usual floating-point {LLL} is not even guaranteed to terminate, and the output basis may not be {LLL}-reduced at all. {I}n this article, we introduce the {LLL}$^2$ algorithm, a new and natural floating-point variant of {LLL} which provably outputs {LLL}-reduced bases in polynomial time ${O}(d^5 (d+\log{B}) \log{B})$. {T}his is the first {LLL} algorithm which running time provably grows only quadratically with respect to $\log{B}$ without fast integer arithmetic, like the famous {G}aussian and {E}uclidean algorithms. {T}he growth is cubic for all other {LLL} algorithms known.},
    keywords = {{LLL} / {LATTICE} {REDUCTION} / {COMPLEXITY} / {PUBLIC}-{KEY} {CRYPTANALYSIS}},
    language = {{E}nglish},
    affiliation = {{SPACES} - {INRIA} {L}orraine - {LORIA} - {INRIA} - {CNRS} : {UMR}7503 - {U}niversit{\'e} {H}enri {P}oincar{\'e} - {N}ancy {I} - {U}niversit{\'e} {N}ancy {II} - {I}nstitut {N}ational {P}olytechnique de {L}orraine },
    pages = {28},
    type = {{R}esearch {R}eport},
    institution = {INRIA},
    number = {{RR}-5387},
	year = {2004},
    URL = {http://hal.inria.fr/inria-00070616/PDF/RR-5387.pdf},
}


@inproceedings{GamaN08,
	Author = {Nicolas Gama and Phong Q. Nguyen},
	Booktitle = EUROCRYPT # { 2008},
	Pages = {31--51},
	Title = {Predicting Lattice Reduction},
	Year = {2008},
	publisher = SPRINGER,
	volume = {4965},
	series = LNCS	
	}

@inproceedings{micciancio:2001b,
	Author = {Micciancio, Daniele},
	Booktitle = CALC # { 2001},
	Pages = {126--145},
	Publisher = SPRINGER,
	Series = LNCS,
	Title = {Improving Lattice Based Cryptosystems Using the {H}ermite Normal  Form},
	Year = 2001}

@inproceedings{Ajtai99,
	Author = {Mikl{\'o}s Ajtai},
	Bibsource = {DBLP, http://dblp.uni-trier.de},
	Booktitle = ICALP,
	Ee = {http://link.springer.de/link/service/series/0558/bibs/1644/16440001.htm},
	Owner = {rueckert},
	Pages = {1--9},
	Publisher = SPRINGER,
	Series = LNCS,
	Timestamp = {2008.09.23},
	Title = {Generating Hard Instances of the Short Basis Problem},
	Year = {1999}}

@inproceedings{Ajtai96,
	Author = {Mikl{\'o}s Ajtai},
	Bibsource = {DBLP, http://dblp.uni-trier.de},
	Booktitle = STOC # { 1996},
	Ee = {http://doi.acm.org/10.1145/237814.237838},
	Pages = {99--108},
	Publisher = ACM,
	Title = {Generating Hard Instances of Lattice Problems (Extended Abstract)},
	Year = {1996}}

@article{Babai86,
	Author = {L{\'a}szl{\'o} Babai},
	Bibsource = {DBLP, http://dblp.uni-trier.de},
	Journal = {Combinatorica},
	Number = {1},
	Owner = {rueckert},
	Pages = {1--13},
	Publisher = SPRINGER,
	Timestamp = {2008.09.23},
	Title = {On {Lov{\'a}sz'} lattice reduction and the nearest lattice point problem},
	Volume = {6},
	Year = {1986}}

@inproceedings{gmss,
	Author = {Johannes Buchmann and Erik Dahmen and Elena Klintsevich and Katsuyuki  Okeya and Camille Vuillaume},
	Booktitle = ACNS # { 2007},
	Pages = {31--45},
	Publisher = SPRINGER,
	Series = LNCS,
	Title = {Merkle Signatures with Virtually Unlimited Signature Capacity},
	Year = {2007}}

@inproceedings{PQC08:BDS,
	Author = {Johannes Buchmann and Erik Dahmen and Michael Schneider},
	Booktitle = PQCRYPTO # { 2008},
	Pages = {63--78},
	Publisher = SPRINGER,
	Series = LNCS,
	Title = {Merkle tree traversal revisited},
	Year = {2008}}

@inproceedings{BuchmannLR:2008,
	Author = {Johannes Buchmann and Richard Lindner and Markus R{\"u}ckert},
	Booktitle = {PQCrypto},
	Editors = {Johannes Buchmann and Jintai Ding},
	Pages = {79-94},
	Publisher = {Springer},
	Series = {LNCS},
	Title = {Explicit hard instances of the shortest vector problem},
	Year = {2008}
}

@inproceedings{BuchmannLRS2008,
	Author = {Johannes Buchmann and Richard Lindner and Markus R{\"u}ckert and  Michael Schneider},
	Number = {2008/333},
	Owner = {rueckert},
	Publisher = EPRINTURL,
	Series = EPRINT,
	Timestamp = {2008.09.23},
	Title = {Explicit hard instances of the shortest vector problem (extended  version)},
	Year = {2008}}

@article{GoldsteinMayerRandomLattices,
	Author = {Daniel Goldstein and Andrew Mayer},
	Journal = {Forum Mathematicum 2003, 15:2},
	Pages = {165--189},
	Title = {On the equidistribution of {H}ecke points},
	Year = {2003}}

@article{Dinur02,
	Author = {Irit Dinur},
	Bibsource = {DBLP, http://dblp.uni-trier.de},
	Ee = {http://dx.doi.org/10.1016/S0304-3975(01)00290-0},
	Journal = TCS,
	Number = {1},
	Owner = {rueckert},
	Pages = {55--71},
	Timestamp = {2008.09.23},
	Title = {Approximating {SVP$_\infty$} to within almost-polynomial  factors is {NP}-hard},
	Year = {2002}}

@inproceedings{Kawachi:Tanaka:Xagawa:08,
  author    = {Akinori Kawachi and
               Keisuke Tanaka and
               Keita Xagawa},
  title     = {Concurrently Secure Identification Schemes Based on the
               Worst-Case Hardness of Lattice Problems},
  booktitle = {ASIACRYPT},
  year      = {2008},
  pages     = {372-389},
  ee        = {http://dx.doi.org/10.1007/978-3-540-89255-7_23},
  crossref  = {DBLP:conf/asiacrypt/2008},
  bibsource = {DBLP, http://dblp.uni-trier.de}
}

@inproceedings{Gentry:Peikert:Vaikuntanathan:08,
	Author = {Craig Gentry and Chris Peikert and Vinod Vaikuntanathan},
	Bibsource = {DBLP, http://dblp.uni-trier.de},
	Booktitle = STOC # { 2008},
	Ee = {http://doi.acm.org/10.1145/1374376.1374407},
	Owner = {rueckert},
	Pages = {197--206},
	Publisher = ACM,
	Timestamp = {2008.09.23},
	Title = {Trapdoors for hard lattices and new cryptographic constructions},
	Year = {2008}}

@inproceedings{Goldreich1997,
	Author = {Oded Goldreich and Shafi Goldwasser and Shai Halevi},
	Booktitle = CRYPTO # { 1997},
	Owner = {rueckert},
	Pages = {112--131},
	Publisher = SPRINGER,
	Series = LNCS,
	Timestamp = {2008.09.23},
	Title = {Public-key cryptosystems from lattice reduction problems},
	Year = {1997}}

@unpublished{hoffstein/howgrave/pipher/silverman/whyte:2005,
	Author = {Jeffrey Hoffstein and Nick Howgrave-Graham and Jill Pipher and Joseph  H. Silverman and William Whyte},
	Note = {\url{http://grouper.ieee.org/groups/1363/lattPK/submissions.html}},
	Title = {Performance Improvements and a Baseline Parameter Generation Algorithm  for {NTRU}Sign},
	Year = {2005}}

@inproceedings{jakobsson03fractal,
	Author = {Markus Jakobsson and T.~Leighton and Silvio Micali and M.~Szydlo},
	Booktitle = CTRSA # { 2003},
	Date-Modified = {2007-04-04 10:54:24 +0200},
	Owner = {rueckert},
	Pages = {314--326},
	Publisher = SPRINGER,
	Series = LNCS,
	Timestamp = {2008.09.23},
	Title = {Fractal Merkle Tree Representation and Traversal},
	Year = {2003}}

@article{Khot05,
	Author = {Subhash Khot},
	Bibsource = {DBLP, http://dblp.uni-trier.de},
	Ee = {http://doi.acm.org/10.1145/1089023.1089027},
	Journal = {J. ACM},
	Number = {5},
	Owner = {rueckert},
	Pages = {789--808},
	Publisher = ACM,
	Timestamp = {2008.09.23},
	Title = {Hardness of approximating the shortest vector problem in lattices},
	Year = {2005}}

@article{LLL:1982,
	Author = {Arjen Lenstra and Hendrik Lenstra and L{\'a}szl{\'o} Lov{\'a}sz},
	Date-Modified = {2009-04-02 10:03:12 +0200},
	Journal = {Mathematische Annalen},
	Pages = {515--534},
	Title = {Factoring polynomials with rational coefficients},
	Volume = {4},
	Year = {1982}}

@inproceedings{DBLP:conf/tcc/LyubashevskyM08,
	Author = {Vadim Lyubashevsky and Daniele Micciancio},
	Booktitle = TCC # { 2008},
	Pages = {37--54},
 	volume    = {4948},
 	Publisher = SPRINGER,
	Series = LNCS,
	Title = {Asymptotically Efficient Lattice-Based Digital Signatures},
	Year = {2008}}

@inproceedings{lyubashevsky/micciancio:2006,
	Author = {Vadim Lyubashevsky and Daniele Micciancio},
	Booktitle = ICALP # { 2006},
	Pages = {144-155},
	Publisher = SPRINGER,
	Series = LNCS,
	volume    = {4052},
	Title = {Generalized Compact Knapsacks are Collision Resistant},
	Year = {2006}}

@inproceedings{DBLP:conf/fse/LyubashevskyMPR08,
	Author = {Vadim Lyubashevsky and Daniele Micciancio and Chris Peikert and Alon  Rosen},
	Booktitle = FSE # { 2008},
	Pages = {54--72},
	Publisher = SPRINGER,
	Series = LNCS,
	volume    = {5086},
	Title = {SWIFFT: A Modest Proposal for {FFT} Hashing},
	Year = {2008}}

@inproceedings{Maurer2004,
	Author = {Ueli Maurer and Renato Renner and Clemens Holenstein},
	Booktitle = TCC # { 2004},
	Date-Modified = {2007-04-04 10:54:24 +0200},
	Owner = {rueckert},
	Pages = {21--39},
	Publisher = SPRINGER,
	Series = LNCS,
	Timestamp = {2008.09.23},
	Title = {Indifferentiability, Impossibility Results on Reductions, and Applications  to the Random Oracle Methodology},
	Year = {2004}}

@inproceedings{Merkle:1989,
	Author = {Ralph Merkle},
	Booktitle = CRYPTO # { 1989},
	Date-Modified = {2007-04-04 10:54:24 +0200},
	Owner = {rueckert},
	Pages = {218--238},
	Publisher = SPRINGER,
	Series = LNCS,
	Timestamp = {2008.09.23},
	Title = {A Certified Digital Signature},
	Year = {1990}}

@article{micciancio:2002,
	Author = {Daniele Micciancio},
	Journal = {Foundations of Computer Science, 2002. Proceedings. The 43rd Annual  IEEE Symposium on},
	Pages = {356--365},
	Title = {{Generalized compact knapsacks, cyclic lattices, and efficient one-way  functions from worst-case complexity assumptions}},
	Year = {2002}}

@article{MicciancioR07,
	Author = {Daniele Micciancio and Oded Regev},
	Bibsource = {DBLP, http://dblp.uni-trier.de},
	Ee = {http://dx.doi.org/10.1137/S0097539705447360},
	Journal = sicomp,
	Number = {1},
	Pages = {267--302},
	Title = {Worst-Case to Average-Case Reductions Based on Gaussian Measures},
	Volume = {37},
	Year = {2007}}

@inproceedings{nguyen:1999,
	Author = {Phong Q. Nguyen},
	Booktitle = CRYPTO # { 1999},
	Pages = {288--304},
	Publisher = SPRINGER,
	Series = LNCS,
	Title = {Cryptanalysis of the {G}oldreich-{G}oldwasser-{H}alevi cryptosystem  from {Crypto}'97},
	Year = {1999}}

@inproceedings{nguyen/regev:2006,
	Author = {Phong Q. Nguyen and Oded Regev},
	Booktitle = EUROCRYPT # { 2006},
	Pages = {215--233},
	Publisher = SPRINGER,
	Series = LNCS,
	Title = {Learning a Parallelepiped: Cryptanalysis of {GGH} and {NTRU} Signatures},
	Year = {2006}}

@inproceedings{DBLP:conf/tcc/PeikertR06,
	Author = {Chris Peikert and Alon Rosen},
	Bibsource = {DBLP, http://dblp.uni-trier.de},
	Booktitle = TCC # { 2006},
	Ee = {http://dx.doi.org/10.1007/11681878_8},
	Pages = {145--166},
	volume    = {3876},
	Publisher = SPRINGER,
	Series = LNCS,
	Title = {Efficient Collision-Resistant Hashing from Worst-Case Assumptions  on Cyclic Lattices},
	Year = {2006}}

@inproceedings{PeikertR07,
  author    = {Chris Peikert and
               Alon Rosen},
  title     = {Lattices that admit logarithmic worst-case to average-case
               connection factors},
  booktitle = STOC,
  pages     = {478-487},
  publisher = ACM,
  year      = {2007},
}

@misc{RegLLL07,
	Author = {Oded Regev},
	Note = {A survey for the LLL+25 conference},
	Title = {On the Complexity of Lattice Problems with Polynomial Approximation  Factors},
	Year = {2007}}

@inproceedings{RegevR06,
	Author = {Oded Regev and Ricky Rosen},
	Bibsource = {DBLP, http://dblp.uni-trier.de},
	Booktitle = STOC # { 2006},
	Ee = {http://doi.acm.org/10.1145/1132516.1132581},
	Owner = {rueckert},
	Pages = {447--456},
	Publisher = ACM,
	Timestamp = {2008.09.23},
	Title = {Lattice problems and norm embeddings},
	Year = {2006}}

@inproceedings{szydlo04,
	Author = {Michael Szydlo},
	Booktitle = EUROCRYPT # { 2004},
	Location = {Interlaken, Switzerland},
	Pages = {541--554},
	Publisher = SPRINGER,
	Series = LNCS,
	Title = {Merkle tree traversal in log space and time},
	Year = {2004}}

@misc{szydlopreprint03,
	Author = {Michael Szydlo},
	Note = {Available at \texttt{http://www.szydlo.com}},
	Title = {Merkle Tree Traversal in Log Space and Time (Preprint version)},
	Year = {2003}}

@inproceedings{Klein00,
	Author = {Philip N. Klein},
	Bibsource = {DBLP, http://dblp.uni-trier.de},
	Booktitle = SODA # { 2000},
	Ee = {http://doi.acm.org/10.1145/338219.338661},
	Pages = {937-941},
	Publisher = ACM,
	Title = {Finding the closest lattice vector when it's unusually close},
	Year = {2000}}

@inproceedings{DBLP:conf/eurocrypt/HoffsteinPS01,
	Author = {Jeffrey Hoffstein and                Jill Pipher and                Joseph H. Silverman},
	Bibsource = {DBLP, http://dblp.uni-trier.de},
	Booktitle = EUROCRYPT # { 2001},
	Ee = {http://link.springer.de/link/service/series/0558/bibs/2045/20450211.htm},
	Pages = {211--228},
	Publisher = SPRINGER,
	Series = LNCS,
	Title = {{NSS}: An NTRU Lattice-Based Signature Scheme},
	Year = {2001}}

@book{MGBook,
	Author = {Daniele Micciancio and Shafi Goldwasser},
	Publisher = {Kluwer Academic Publishers},
	Title = {Complexity of Lattice Problems: a cryptographic perspective},
	Year = {2002}
}

@inproceedings{DBLP:conf/asiacrypt/GentryJSS01,
	Author = {Craig Gentry and                Jakob Jonsson and                Jacques Stern and                Michael Szydlo},
	Bibsource = {DBLP, http://dblp.uni-trier.de},
	Booktitle = ASIACRYPT # { 2001},
	Ee = {http://link.springer.de/link/service/series/0558/bibs/2248/22480001.htm},
	Pages = {1-20},
	Title = {Cryptanalysis of the NTRU Signature Scheme (NSS) from Eurocrypt                2001},
	Year = {2001}}

@inproceedings{DBLP:conf/stoc/GamaN08,
	Author = {Nicolas Gama and                Phong Q. Nguyen},
	Bibsource = {DBLP, http://dblp.uni-trier.de},
	Booktitle = STOC # { 2008},
	Ee = {http://doi.acm.org/10.1145/1374376.1374408},
	Pages = {207-216},
	Publisher = ACM,
	Title = {Finding short lattice vectors within mordell's inequality},
	Year = {2008}}

@inproceedings{hashbasedsignatures,
	Author = {Chris Dods and Nigel Smart and Martijn Stam},
	Booktitle = CNC # { 2005},
	Pages = {96--115},
	Publisher = SPRINGER,
	Series = LNCS,
	Title = {Hash Based Digital Signature Schemes},
	Year = 2005}

@book{BBD08,
	Editor = {Daniel J. Bernstein and Johannes Buchmann and Erik Dahmen},
	Isbn = {978-3-540-88701-0},
	Publisher = SPRINGER,
	Title = {Post-Quantum Cryptography},
	Year = {2008}}

@article{Shor97,
	Author = {Peter W. Shor},
	Bibsource = {DBLP, http://dblp.uni-trier.de},
	Journal = SICOMP,
	Number = {5},
	Pages = {1484-1509},
	Publisher = SIAM,
	Title = {Polynomial-Time Algorithms for Prime Factorization and Discrete                Logarithms on a Quantum Computer},
	Volume = {26},
	Year = {1997}}

@article{CanGolHal04,
	Address = {New York, NY, USA},
	Author = {Ran Canetti and Oded Goldreich and Shai Halevi},
	Issn = {0004-5411},
	Journal = {J. ACM},
	Number = {4},
	Pages = {557--594},
	Publisher = ACM,
	Title = {The random oracle methodology, revisited},
	Volume = {51},
	Year = {2004}}

@inproceedings{DBLP:conf/eurocrypt/GamaHN06,
	Author = {Nicolas Gama and                Nick Howgrave-Graham and                Phong Q. Nguyen},
	Booktitle = EUROCRYPT # { 2006},
	Pages = {233-253},
	Title = {Symplectic Lattice Reduction and {NTRU}},
	Year = {2006},
	Publisher = {Springer},
	Series = LNCS,
	volume = {4004}
}

@proceedings{DBLP:conf/eurocrypt/2006,
	Bibsource = {DBLP, http://dblp.uni-trier.de},
	Booktitle = EUROCRYPT,
	Isbn = {3-540-34546-9},
	Publisher = {Springer},
	Series = {Lecture Notes in Computer Science},
	Title = {Advances in Cryptology - EUROCRYPT 2006, 25th Annual International                Conference on the Theory and Applications of Cryptographic                Techniques, St. Petersburg, Russia, May 28 - June 1, 2006,                Proceedings},
	Volume = {4004},
	Year = {2006}}

@inproceedings{NguyenS06,
	Author = {Phong Q. Nguyen and                Damien Stehl{\'e}},
	Booktitle = ANTS # { 2006},
  	publisher = {Springer},
  	series    = LNCS,
  	volume    = {4076},	Pages = {238-256},
	Title = {{LLL} on the Average},
	Year = {2006}}

@article{SchnorrE1994,
	Author = {Claus-Peter Schnorr and M. Euchner},
	Journal = {Mathematical Programming},
	Pages = {181--199},
	Title = {Lattice Basis Reduction: Improved Practical Algorithms and Solving  Subset Sum Problems},
	Volume = {66},
	Year = {1994}}

@inproceedings{SchnorrH95,
  author    = {Claus-Peter Schnorr and
               Horst Helmut H{\"o}rner},
  title     = {Attacking the Chor-Rivest Cryptosystem by Improved Lattice
               Reduction},
  booktitle = {EUROCRYPT},
  year      = {1995},
  pages     = {1-12},
  publisher = {Springer},
  series    = {LNCS},
  volume    = {921},
}

@article{BackesW02,
	Author = {Werner Backes and                Susanne Wetzel},
	Journal = {ACM Journal of Experimental Algorithmics},
	Title = {Heuristics on Lattice Basis Reduction in Practice},
	Volume = {7},
	Year = {2002}}

@article{CohnE03,
	Author = {Henry Cohn and Noam Elkies},
	Journal = {Annals of Mathematics},
	Pages = {689--714},
	Title = {New upper bounds on sphere packings I},
	Volume = {157},
	Year = {2003}
}
@misc{KleinjungLPS11,
    author = {T. Kleinjung and A.K. Lenstra and D. Page and N.P. Smart},
    title = {Using the Cloud to Determine Key Strengths},
    howpublished = {Cryptology ePrint Archive, Report 2011/254},
    year = {2011},
    note = {\url{http://eprint.iacr.org/}},
}
@misc{shoup-ntl,
	Author = {Victor Shoup},
	Note = {\url{http://www.shoup.net/ntl/}},
	Title = {Number Theory Library ({NTL}) for {C}++, Version 5.5.2}
}
@misc{GPUenum,
	Author = {Michael Schneider and Jens Hermans and Po-Chun Kuo},
	Note = {\url{http://homes.esat.kuleuven.be/~jhermans/gpuenum/index.html}},
	Title = {Shortest Lattice Vector Enumeration on Graphics Cards, version 2.0}
}



@INPROCEEDINGS{durfee/nguyen:1999,
  author = {Glenn Durfee and Phong Q. Nguyen},
  title = {Cryptanalysis of the {RSA} schemes with short secret exponent from {A}siacrypt '99},
  pages = {14--29},
  year = {2000},
  booktitle = ASIACRYPT # { 2000},
  publisher = SPRINGER,
  series = LNCS,
  volume = {1976}
}

@INPROCEEDINGS{nguyen/stern:2000,
  author = {Phong Q. Nguyen and Jacques Stern},
  title = {Lattice Reduction in Cryptology: An Update},
  pages = {85--112},
}

@INPROCEEDINGS{coupe/nguyen/stern:1998,
  author = {Christophe Coup\'{e} and Phong Q. Nguyen and Jacques Stern},
  title = {The effectiveness of lattice attacks against low exponent {RSA}},
  year = {1999},
  pages = {204--218},
  publisher = SPRINGER,
  series = LNCS,
  volume = {1560},
  booktitle = pkc,
}

@inproceedings{Koy:Schnorr:01,
  author    = {Henrik Koy and
               Claus-Peter Schnorr},
  title     = {Segment LLL-Reduction of Lattice Bases},
  booktitle = {CaLC},
  year      = {2001},
  pages     = {67-80},
  ee        = {http://link.springer.de/link/service/series/0558/bibs/2146/21460067.htm},
  crossref  = {DBLP:conf/calc/2001},
  bibsource = {DBLP, http://dblp.uni-trier.de}
}

@proceedings{DBLP:conf/calc/2001,
  editor    = {Joseph H. Silverman},
  title     = {Cryptography and Lattices, International Conference, CaLC
               2001, Providence, RI, USA, March 29-30, 2001, Revised Papers},
  booktitle = {CaLC},
  publisher = {Springer},
  series    = {Lecture Notes in Computer Science},
  volume    = {2146},
  year      = {2001},
  isbn      = {3-540-42488-1},
  bibsource = {DBLP, http://dblp.uni-trier.de}
}

@INPROCEEDINGS{NguyenStern2001,
  author = {Nguyen, P. Q. and Stern, J.},
  title = {The Two Faces of Lattices in Cryptology},
  booktitle = {Cryptography and Lattices Conference},
  year = {2001},
  volume = {2146},
  series = LNCS,
  pages = {146--180},
  publisher = SPRINGER
}

@inproceedings{PujolS08,
  author    = {Xavier Pujol and
               Damien Stehl{\'e}},
  title     = {Rigorous and Efficient Short Lattice Vectors Enumeration},
  booktitle = ASIACRYPT # { 2008},
  year      = {2008},
  pages     = {390-405},
  publisher = SPRINGER,
  series    = LNCS,
  volume    = {5350},
}

@inproceedings{Schnorr:03,
  author    = {Claus-Peter Schnorr},
  title     = {Lattice Reduction by Random Sampling and Birthday Methods},
  booktitle = {STACS},
  year      = {2003},
  pages     = {145-156},
  ee        = {http://dx.doi.org/10.1007/3-540-36494-3_14},
  crossref  = {DBLP:conf/stacs/2003},
  bibsource = {DBLP, http://dblp.uni-trier.de}
}

@inproceedings{FinckeP83,
  author    = {U. Fincke and
               Michael Pohst},
  title     = {A procedure for determining algebraic integers of given
               norm},
  booktitle = EUROCAL,
  year      = {1983},
  pages     = {194-202},
  publisher = SPRINGER,
  series    = LNCS,
  volume    = {162},
}

@inproceedings{Kannan83,
  author    = {Ravi Kannan},
  title     = {Improved Algorithms for Integer Programming and Related
               Lattice Problems},
  booktitle = STOC # { 1983},
  year      = {1983},
  pages     = {193-206},
  publisher = ACM,
}

@MISC{stehle-www,
  author = {David Cad{\'e} and Xavier Pujol and Damien Stehl{\'e}},
  title = {{fpLLL} - A floating point {LLL} implementation},
  note = {Available at Damien {S}tehl{\'e}'s homepage at {\'e}cole normale sup{\'e}rieure de {L}yon, \url{http://perso.ens-lyon.fr/damien.stehle/english.html}}
}

@INPROCEEDINGS{ajtai/kumar/sivakumar:2001,
  author = {Miklos Ajtai and Ravi Kumar and D. Sivakumar},
  title = {A Sieve Algorithm for the Shortest Lattice Vector Problem},
  booktitle = STOC # { 2001},
  year = {2001},
  pages = {601--610},
  publisher = acm,
}

@article{DBLP:journals/jacm/Khot05,
  author    = {Subhash Khot},
  title     = {Hardness of approximating the shortest vector problem in
               lattices},
  journal   = {J. ACM},
  volume    = {52},
  number    = {5},
  year      = {2005},
  pages     = {789-808},
  publisher = ACM,
}


@InCollection{Wetzel98,
	author = {Susanne Wetzel},
	 title = {An efficient parallel block-reduction algorithm},
	booktitle = ANTS # { 1998},
	pages = {323--337},
	year = {1998},
	volume = {1423},
	series = LNCS,
	publisher = Springer,
}

@Article{HecklerThiele98,
 author =	"C. Heckler and L. Thiele",
 title =	"Complexity analysis of a parallel lattice basis reduction algorithm",
 journal =	"SIAM J. Comput.",
 pages =	"1295--1302",
 year = 	"1998",
 number =	"5",
 volume =	"27",
 publisher = "Society for Industrial and Applied Mathematics",
}

@InProceedings{HecklerThiele93a,
 author =	"C. Heckler and L. Thiele",
 title =	"A parallel lattice basis reduction for mesh-connected
		 processor arrays and parallel complexity",
 booktitle ="Proceedings of the 5th IEEE Symposium on Parallel and
		 Distributed Processing, SPDP'93 (Dallas, Texas,
		 December 1-4, 1993)",
 pages =	"400--407",
 year = 	"1993",
 publisher ="IEEE Computer Society Press",
}

@InCollection{HecTh93,
 author =	"Christian Heckler and Lothar Thiele",
 title =	"Parallel complexity of lattice basis reduction and a
		 floating-point parallel algorithm",
 booktitle = "Proceedings of the 5th International Conference on
		 Parallel Architectures and Languages Europe, PARLE'93
		 (Munich, Germany, June 1993)",
 pages =	"744--747",
 year = 	"1993",
 volume =	"694",
 series =	LNCS,
 publisher = Springer,
}

@inproceedings{RochVillard92,
 author =	"Jean-Louis Roch and Gilles Villard",
 title =	"Parallel gcd and lattice basis reduction",
 booktitle = "Proceedings of the Second Joint International
		 Conference on Vector and Parallel Processing. Parallel
		 Processing: VAPP V, CONPAR'92",
 pages =	"557--564",
 year = 	"1992",
 volume =	"634",
 series =	LNCS,
 publisher = Springer,
}

@inproceedings{Joux1993,
 author =	{Antoine Joux},
 title =	{A Fast Parallel Lattice Reduction Algorithm},
 pages =	{1--15},
 year = 	{1993},
 booktitle = {Proceedings of the Second Gauss Symposium},
}

@inproceedings{BackesW2009,
	Author = {Werner Backes and Susanne Wetzel},
	Booktitle = {Euro-Par},
	Title = {Parallel Lattice Basis Reduction using a Multi-Threaded {S}chnorr-{E}uchner {LLL} Algorithm},
	Year = {2009}
}

@inproceedings{Villard:1992:PLB,
  author    = {Gilles Villard},
  title     = {Parallel Lattice Basis Reduction},
  booktitle = ISSAC # { 1992},
  year      = {1992},
  pages     = {269-277},
 publisher = ACM,
}

@inproceedings{DBLP:conf/spdp/HecklerT93,
  author    = {Christian Heckler and
               Lothar Thiele},
  title     = {A Parallel Lattice Basis Reduction for Mesh-Connected Processor
               Arrays and Parallel Complexity},
  booktitle = {SPDP},
  year      = {1993},
  pages     = {400-407},
  bibsource = {DBLP, http://dblp.uni-trier.de}
}

@inproceedings{MicciancioV10,
author = {Daniele Micciancio and Panagiotis Voulgaris},
title = {Faster exponential time algorithms for the shortest vector problem},
booktitle = SODA # { 2010}, 
publisher={ACM/SIAM},
year = {2010},
pages = {1468-1480}
}

@article{NgVi08,
	title={Sieve Algorithms for the Shortest Vector Problem are Practical},
	author={Phong Q. Nguyen and Thomas Vidick},
	journal={J. of Mathematical Cryptology},
	volume=2,
	number=2,
	year=2008
}

@inproceedings{HanrotS07,
  author    = {Guillaume Hanrot and Damien Stehl{\'e}},
  title     = {Improved Analysis of {K}annan's Shortest Lattice Vector Algorithm},
  booktitle = CRYPTO # { 2007},
  year      = {2007},
  pages     = {170-186},
  publisher = Springer,
  series = LNCS,
  volume    = {4622},
}


@inproceedings{Lyubashevsky09,
  author = {Vadim Lyubashevsky},
  title = {Fiat-{S}hamir With Aborts: Applications to Lattice and Factoring-Based
	Signatures},
  year = {2009},
  booktitle = ASIACRYPT # { 2009},
  publisher = Springer,
  series    = LNCS,
  pages     = {598-616},
  volume    = {5912},
}

@MISC{peikert:bonsai,
  author = {Chris Peikert},
  title = {Bonsai Trees (or, Arboriculture in Lattice-Based Cryptography)},
  howpublished = {Cryptology ePrint Archive, Report 2009/359},
  year = {2009},
  note = {\url{http://eprint.iacr.org/}}
}

@inproceedings{HoffsteinPS98,
  author    = {Jeffrey Hoffstein and
               Jill Pipher and
               Joseph H. Silverman},
  title     = {{NTRU}: A Ring-Based Public Key Cryptosystem},
  booktitle = ANTS # { 1998},
  year      = {1998},
  volume={1423},
  series = LNCS,
  publisher = Springer,
  pages     = {267--288},
}

@inproceedings{AjtaiD97,
  author    = {Mikl{\'o}s Ajtai and
               Cynthia Dwork},
  title     = {A Public-Key Cryptosystem with Worst-Case/Average-Case Equivalence},
  booktitle = STOC # { 1997},
  year      = {1997},
  pages     = {284-293},
  publisher = ACM
}

@inproceedings{Peikert09,
  author    = {Chris Peikert},
  title     = {Public-key cryptosystems from the worst-case shortest vector
               problem: extended abstract},
  booktitle = STOC # { 2009},
  year      = {2009},
  pages     = {333-342},
}

@inproceedings{StehleSTX09,
    author = {Damien Stehl{\'e} and Ron Steinfeld and Keisuke Tanaka and Keita Xagawa},
    title = {Efficient Public Key Encryption Based on Ideal Lattices},
    series = LNCS,
    volume    = {5912},
    booktitle = ASIACRYPT # { 2009},
    year = {2009},
    publisher = Springer
}

@MISC{NTRUIEEE09,
 author = {1363 Working Group of the C/MM Committee},
 title = {{IEEE P1363.1 Standard Specification for Public-Key Cryptographic 
Techniques Based on Hard Problems over Lattices}},
 year = {2009},
 note = {Available at \texttt{http://grouper.ieee.org/groups/1363/}}
}

@article{Lenstra1983,
author = {Hendrik W. Lenstra},
title = {Integer programming with a fixed number of variables},
journal = {Math. Oper. Res.},
year = 1983,
volume = 8,
pages = {538-548}
}

@inproceedings{Schnorr91Factoring,
  author    = {Claus-Peter Schnorr},
  title     = {Factoring Integers and Computing Discrete Logarithms via
               Diophantine Approximations},
  booktitle =EUROCRYPT # { 1991},
  year      = {1991},
  volume = {547},
  series = LNCS,
  pages     = {281--293},
}

@INPROCEEDINGS{GoldreichGH1997,
  author = {Oded Goldreich and Shafi Goldwasser and Shai Halevi},
  title = {Public-key cryptosystems from lattice reduction problems},
  booktitle = CRYPTO # { 1997},
  year = {1997},
  series = LNCS,
  volume = {1294},
  pages = {112--131},
  publisher = SPRINGER,
}

@article{LagariasO85,
  author    = {J. C. Lagarias and
               Andrew M. Odlyzko},
  title     = {Solving Low-Density Subset Sum Problems},
  journal   = JACM,
  volume    = {32},
  number    = {1},
  year      = {1985},
  pages     = {229-246},
 publisher = ACM,
}

@ARTICLE{lagrange:1773,
  author = {Joseph Louis Lagrange},
  title = {Recherches d'arithm\'{e}tique},
  journal = {Nouveaux M\'{e}moires de l'Acad\'{e}mie Royale des Sciences et Belles-Lettres},
  year = {1773},
  pages = {265--312},
  address = {Berlin}
}

@ARTICLE{hermite:1850,
  author = {Charles Hermite},
  title = {Extraits de lettres de {M}.~{H}ermite {\`a} {M}.~{J}acobi sur diff{\'e}rents
	objets de la th{\'e}orie de nombres, deuxieme lettre},
  journal = {Journal f{\"u}r die Reine und Angewandte Mathematik},
  year = {1850},
  volume = {40},
  pages = {279-290}
}


@misc{Gauss,
	author = {Carl Friedrich Gauss},
	title = {Disquisitiones arithmeticae},
	year = {1801},
	note = {Leipzig}
}

@mastersthesis{PujolMaster,
	author = {Xavier Pujol},
	title = {Recherche efficace de vecteur court dans un r\'eseau euclidien},
	school = {ENS Lyon},
	year = {2008},
	type = {Masters thesis}
}

@mastersthesis{DagdelenMaster,
	author = {\"Ozg\"ur Dagdelen},
	title = {Parallelisierung von {G}itterbasisreduktionen},
	school = {TU Darmstadt},
	year = {2009},
	type = {Masters thesis}
}

@MISC{gsieve,
  author = {Panagiotis Voulgaris},
  title = {Gauss {S}ieve alpha {V}. 0.1},
  year = {2010},
  note = {Available at Panagiotis Voulgaris' homepage at the {U}niversity of {C}alifornia, {S}an {D}iego, \url{http://cseweb.ucsd.edu/~pvoulgar/impl.html}}
}

@Inproceedings{MicciancioR08,
  title = {Lattice-based Cryptography},
  booktitle = {Post-Quantum Cryptography},
  author = {Daniele Micciancio and Oded Regev},
  pages = {147-191},
  crossref = {Book:BBD2008}
}


@BOOK{Book:BBD2008,
  title = {Post-Quantum Cryptography},
  publisher = {Springer},
  year = {2008},
  editor = {Bernstein, Daniel J. and Buchmann, Johannes A. and Dahmen, Erik}
}

@MISC{swifftx,
  author = {Yuriy Arbitman and Gil Dogon and Vadim Lyubashevsky and Daniele Micciancio and Chris Peikert and Alon Rosen},
  title = {{SWIFFTX}: A Proposal for the {SHA}-3 Standard},
  year = {2008},
  note = {In The First SHA-3 Candidate Conference}
}

@Article{Mic07cyclic,
  author = 	 {Daniele Micciancio},
  title = 	 {Generalized compact knapsacks, cyclic lattices, and
                   efficient one-way functions},
  journal = 	 {Computational Complexity},
  year = 	 2007,
  volume = 	 16,
  number =       4,
  pages = 	 {365-411},
  note = 	 {Preliminary version in FOCS 2002}
}

@MISC{rueckertschneider2010,
  Author = {Markus R{\"u}ckert and  Michael Schneider},
  howpublished = {Cryptology ePrint Archive, Report 2010/137},
  year = {2010},
  Title = {Selecting Secure Parameters for Lattice-based Cryptography},
  note = {\url{http://eprint.iacr.org/}}
}

@inproceedings{Gentry09,
  author    = {Craig Gentry},
  title     = {Fully homomorphic encryption using ideal lattices},
  booktitle = STOC # { 2009},
  publisher = ACM,
  year      = {2009},
  pages     = {169-178},
}


@inproceedings{LyubashevskyPR10,
  author    = {Vadim Lyubashevsky and
               Chris Peikert and
               Oded Regev},
  title = {On Ideal Lattices and Learning with Errors Over Rings},
  booktitle = Eurocrypt # { 2010},
  year = {2010},
  series = LNCS,
  pages     = {1-23},
  volume    = {6110},
}

@inproceedings{GamaNR10,
author = {Nicolas Gama and Phong Q. Nguyen and Oded Regev},
title = {Lattice Enumeration using Extreme Pruning},
booktitle = Eurocrypt # { 2010},
year = {2010},
publisher = SPRINGER,
volume = {6110},
series = LNCS,
pages = {257-278}
}

@inproceedings{DBLP:conf/africacrypt/HermansSBVP10,
  author    = {Jens Hermans and
               Michael Schneider and
               Johannes Buchmann and
               Frederik Vercauteren and
               Bart Preneel},
  title     = {Parallel Shortest Lattice Vector Enumeration on Graphics
               Cards},
  booktitle = AFRICACRYPT # { 2010},
  year      = {2010},
  pages     = {52-68},
  publisher = Springer,
  series    = LNCS,
  volume    = {6055},
}

@article{DBLP:journals/tcs/BlomerN09,
  author    = {Johannes Bl{\"o}mer and
               Stefanie Naewe},
  title     = {Sampling methods for shortest vectors, closest vectors and
               successive minima},
  journal   = {Theor. Comput. Sci.},
  volume    = {410},
  number    = {18},
  year      = {2009},
  pages     = {1648-1665},
}

@misc{PujolS09,
    author = {Xavier Pujol and Damien Stehl{\'e}},
    title = {Solving the Shortest Lattice Vector Problem in Time {$2^{2.465n}$}},
    howpublished = {Cryptology ePrint Archive, Report 2009/605},
    year = {2009},
    note = {\url{http://eprint.iacr.org/}}
}

@inproceedings{DetreyHPS10,
  author    = {J{\'e}r{\'e}mie Detrey and
               Guillaume Hanrot and
               Xavier Pujol and
               Damien Stehl{\'e}},
  title     = {Accelerating Lattice Reduction with {FPGA}s},
  booktitle = {LATINCRYPT},
  year      = {2010},
  pages     = {124-143},
  publisher = {Springer},
  series    = {LNCS},
  volume    = {6212},
}

@inproceedings{DagdelenS10,
  author    = {{\"O}zg{\"u}r Dagdelen and
               Michael Schneider},
  title     = {Parallel Enumeration of Shortest Lattice Vectors},
  booktitle = {Euro-Par},
  year      = {2010},
  pages     = {211-222},
  publisher = {Springer},
  series    = {LNCS},
  volume    = {6272},
}

@misc{svpchallenge,
 author={Nicolas Gama and Michael Schneider},
  title = {{SVP} {C}hallenge},
  year = {2010},
  note = {available at \url{http://www.latticechallenge.org/svp-challenge}}
}

@misc{WangLTB10,
    author = {Xiaoyun Wang and Mingjie Liu and Chengliang Tian and Jingguo Bi},
    title = {Improved {N}guyen-{V}idick Heuristic Sieve Algorithm for Shortest Vector Problem},
    howpublished = {Cryptology ePrint Archive, Report 2010/647},
    year = {2010},
    note = {\url{http://eprint.iacr.org/}},
}

@mastersthesis{LyubashevskyPHD,
	author = {Vadim Lyubashevsky},
	title = {Towards Practical Lattice-Based Cryptography},
	school = {University of California, San Diego},
	year = {2008},
	type = {PhD thesis}
}

@inproceedings{Lyubashevsky08,
  author    = {Vadim Lyubashevsky},
  title     = {Lattice-Based Identification Schemes Secure Under Active
               Attacks},
  year      = {2008},
  pages     = {162-179},
  booktitle = {PKC},
  publisher = {Springer},
  series    = {LNCS},
  volume    = {4939},
}

@inproceedings{DBLP:conf/stoc/MicciancioV10,
  author    = {Daniele Micciancio and
               Panagiotis Voulgaris},
  title     = {A deterministic single exponential time algorithm for most
               lattice problems based on voronoi cell computations},
  booktitle = {STOC},
  year      = {2010},
  pages     = {351-358},
  publisher = {ACM},
}

@inproceedings{Goldstein:Mayer:03,
  author    = {Daniel Goldstein and Andrew Mayer},
  title     = {On the equidistribution of Hecke points},
  booktitle = {Forum Mathematicum},
  year      = {2003},
volume    = {15},
Issue 	=   {2}
  pages     = {165–189},
  publisher = {ACM},
}


@TechReport{vEB,
  author =	"P. van Emde Boas",
  title =	"Another {NP}-complete Partition Problem and the
		 Complexity of Computing Short Vectors in Lattices",
  institution =  "Mathematics Department, University of Amsterdam",
  number =	"81-04",
  year = 	"1981",
}

@InProceedings{STOC98*10,
  author =	"Mikl{\'o}s Ajtai",
  title =	"The Shortest Vector Problem in {{\it{L2}}} is
		 {NP-hard} for Randomized Reductions",
  pages =	"10--19",
  ISBN = 	"0-89791-962-9",
  booktitle =	STOC # {1998},
  month =	may # "~23--26",
  publisher =	"ACM Press",
  address =	"New York",
  year = 	"1998",
}

@InCollection{Lenstra2004KeyLength,
  author =    "Arjen Lenstra",
  title =     "Key Lengths",
  editor =    "Hossein Bidgoli",
  booktitle = "Handbook of Information Security",
  publisher = "Wiley",
  month     = "December",
  year      = "2005",
}

@Book{Kirk2010CUDA,
    author = {Kirk, David B. and Hwu, Wen-mei},
    day = {05},
    edition = {1},
    howpublished = {Paperback},
    isbn = {0123814723},
    month = {February},
    posted-at = {2010-05-25 07:51:27},
    priority = {2},
    publisher = {Morgan Kaufmann},
    title = {Programming Massively Parallel Processors: A Hands-on Approach},
    url = {http://www.worldcat.org/isbn/0123814723},
    year = {2010}
}

@InProceedings{Dean2004MapReduce,
    author = "Jeffrey Dean and Sanjay Ghemawat",
    title  = "{MapReduce}: Simplified Data Processing on Large Clusters",
    booktitle = "OSDI'04: Sixth Symposium on Operating System Design and Implementation",
    address = "San Francisco, CA, USA",
    month = "December",
    year = "2004",
}
